%http://merkel.zoneo.net/Latex/natbib.php

@article{chowning1973synthesis,
  title={The synthesis of complex audio spectra by means of frequency modulation},
  author={Chowning, John},
  journal={J. Audio Eng. Soc},
  volume={21},
  year={1973}
}

@book{wishart1994audible,
  title={Audible design: a plain and easy introduction to practical sound composition},
  author={Wishart, Trevor},
  year={1994},
  publisher={Orpheus the Pantomime},
}

@inproceedings{johnson1999exploring,
  title={Exploring the sound-space of synthesis algorithms using interactive genetic algorithms},
  author={Johnson, Colin G},
  booktitle={Proceedings of the AISB'99 Symposium on Musical Creativity},
  pages={20--27},
  year={1999},
  organization={Society for the Study of Artificial Intelligence and Simulation of Behaviour}
}

@article{mathews01111963,
author = {Mathews, Max V.}, 
title = {The Digital Computer as a Musical Instrument},
volume = {142}, 
number = {3592}, 
pages = {553-557}, 
year = {1963}, 
doi = {10.1126/science.142.3592.553}, 
URL = {http://www.sciencemag.org/content/142/3592/553.short}, 
eprint = {http://www.sciencemag.org/content/142/3592/553.full.pdf}, 
journal = {Science} 
}

@inproceedings{chowning1989frequency,
  title={Frequency modulation synthesis of the singing voice},
  author={Chowning, John M},
  booktitle={Current Directions in Computer Music Research},
  pages={57--63},
  year={1989},
  organization={MIT Press}
}

@article{horner1993machine,
  title={Machine tongues XVI: Genetic algorithms and their application to FM matching synthesis},
  author={Horner, Andrew and Beauchamp, James and Haken, Lippold},
  journal={Computer Music Journal},
  volume={17},
  number={4},
  pages={17--29},
  year={1993},
  publisher={JSTOR}
}

@article{evett1998numeric,
  title={Numeric mutation improves the discovery of numeric constants in genetic programming},
  author={Evett, Matthew and Fernandez, Thomas},
  journal={Genetic Programming},
  pages={66--71},
  year={1998},
  publisher={Citeseer}
}

@article{o2010open,
  title={Open issues in genetic programming},
  author={Oâ€™Neill, Michael and Vanneschi, Leonardo and Gustafson, Steven and Banzhaf, Wolfgang},
  journal={Genetic Programming and Evolvable Machines},
  volume={11},
  number={3},
  pages={339--363},
  year={2010},
  publisher={Springer}
}

@inproceedings{chowning2000digital,
  title={Digital sound synthesis, acoustics and perception: A rich intersection},
  author={Chowning, John M},
  booktitle={Proceedings of the COST G-6 Conference on Digital Audio Effects (DAFX-00)., Verona, Italy},
  year={2000}
}

@inproceedings{garcia2000towards,
  title={Towards the automatic generation of sound synthesis techniques: Preparatory steps},
  author={Garcia, Ricardo A},
  booktitle={Audio engineering society convention},
  volume={109},
  year={2000}
}

@article{garcia2012automatic,
  title={Automatic design of sound synthesis techniques by means of genetic programming},
  author={Garcia, Ricardo A},
  journal={Watermark},
  volume={1},
  year={2012}
}

@inproceedings{garcia2001growing,
  title={Growing sound synthesizers using evolutionary methods},
  author={Garcia, R},
  booktitle={Proceedings ALMMA 2001: Artificial Life Models for Musical Applications Workshop,(ECAL 2001)},
  year={2001}
}

@phdthesis{garcia2001automatic,
  title={Automatic generation of sound synthesis techniques},
  author={Garcia, Ricardo A},
  year={2001},
  school={Massachusetts Institute of Technology}
}

@article{miranda2004crossroads,
  title={At the crossroads of evolutionary computation and music: Self-programming synthesizers, swarm orchestras and the origins of melody},
  author={Miranda, Eduardo Reck},
  journal={Evolutionary Computation},
  volume={12},
  number={2},
  pages={137--158},
  year={2004},
  publisher={MIT Press}
}

@inproceedings{wehn1998using,
  title={Using ideas from natural selection to evolve synthesized sounds},
  author={Wehn, Kaare and others},
  booktitle={Proceedings of the Digital Audio Effects DAFX98 workshop, Barcelona},
  year={1998},
  organization={Citeseer}
}

@misc{koza1992genetic,
  title={Genetic Programming, On the Programming of Computers by Means of Natural Selection},
  author={Koza, John R},
  year={1992},
  publisher={MIT Press, Cambridge, MA, USA}
}

@article{risset1969analysis,
  title={Analysis of musical-instrument tones},
  author={Risset, Jean-Claude and Mathews, Max V},
  journal={Physics today},
  volume={22},
  pages={23},
  year={1969}
}

@article{tolonen1998evaluation,
  title={Evaluation of modern sound synthesis methods},
  author={Tolonen, Tero and V{\"a}lim{\"a}ki, Vesa and Karjalainen, Matti},
  year={1998}
}

@misc{walker2001introduction,
  title={Introduction to genetic programming},
  author={Walker, Matthew},
  year={2001},
  publisher={Technical Report, Massey University, 2001.(April 23, 2007)}
}

@article{miranda2007evolutionary,
  title={Evolutionary computer music},
  author={Miranda, Eduardo R and Biles, John A},
  year={2007},
  publisher={Springer}
}

@inproceedings{manzolli2001evolutionary,
  title={The evolutionary sound synthesis method},
  author={Manzolli, J{\^o}natas and Maia Jr, Adolfo and Fornari, Jose and Damiani, Furio},
  booktitle={Proceedings of the ninth ACM international conference on Multimedia},
  pages={585--587},
  year={2001},
  organization={ACM}
}

@phdthesis{loughran2009musical,
  title={Musical Instrument Identification with Feature Selection Using Evolutionary Methods},
  author={Loughran, R{\'o}is{\i}n Bernadette},
  year={2009},
  school={University of Limerick}
}

@article{risset1999exploration,
  title={Exploration of timbre by analysis and synthesis},
  author={Risset, Jean-Claude and Wessel, David L},
  journal={The psychology of music},
  volume={28},
  year={1999},
  publisher={Academic Press}
}

@book{sethares2004tuning,
  title={Tuning, timbre, spectrum, scale},
  author={Sethares, William A},
  year={2004},
  publisher={Springer}
}

@book{american1960american,
  title={American standard acoustical terminology:(including mechanical shock and vibration)},
  author={American Standards Association and Acoustical Society of America},
  year={1960},
  publisher={American Standards Association}
}

@book{erickson1975sound,
  title={Sound structure in music},
  author={Erickson, Robert},
  year={1975},
  publisher={Univ of California Press}
}

@book{helmholtz1954sensations,
  title={On the sensations of tone},
  author={Helmholtz, Hermann},
  year={1954},
  publisher={Dover Publications}
}

@article{helmholtz1857physiological,
  title={On the physiological causes of harmony in music},
  author={Helmholtz, Hermann},
  journal={Selected Writings of Hermann von Helmholtz, ed. Russell Kahl (Middletown, Connecticut: Wesleyan Univ. Press, 1971)},
  pages={76},
  year={1857}
}

@inproceedings{schouten1968perception,
  title={The perception of timbre},
  author={Schouten, JF},
  booktitle={Reports of the 6th International Congress on Acoustics},
  volume={76},
  year={1968}
}

@article{lu2006semi,
  title={A semi-automatic method for peak and valley detection in free-breathing respiratory waveforms},
  author={Lu, Wei and Nystrom, Michelle M and Parikh, Parag J and Fooshee, David R and Hubenschmidt, James P and Bradley, Jeffrey D and Low, Daniel A},
  journal={Medical physics},
  volume={33},
  pages={3634},
  year={2006}
}
